%% LaTeX2e file `Bibliotest.bib'
%% generated by the `filecontents' environment
%% from source `Bachelorarbeit_Paul_Zilewitsch' on 2016/05/25.
%%
@Book{Naevy,
  title     = {Facility Management: Grundlagen, Computeruntersttzung, Systemeinfhrung,   Anwendungsbeispiele},
  publisher = {Springer-Verlag Berlin Heidelberg},
  year      = {2006},
  author    = {Naevy, J.},
}

@Book{test1,
  title     = {Facility Management: Grundlagen, Computeruntersttzung, Systemeinfhrung,   Anwendungsbeispiele},
  publisher = {Springer-Verlag Berlin Heidelberg},
  year      = {2006},
  author    = {Naevy, J.},
}

@Book{test2,
  title     = {Facility Management: Grundlagen, Computeruntersttzung, Systemeinfhrung,   Anwendungsbeispiele},
  publisher = {Springer-Verlag Berlin Heidelberg},
  year      = {2006},
  author    = {Naevy, J.},
}

@Book{test3,
  title     = {Facility Management: Grundlagen, Computeruntersttzung, Systemeinfhrung,   Anwendungsbeispiele},
  publisher = {Springer-Verlag Berlin Heidelberg},
  year      = {2006},
  author    = {Naevy, J.}

