% Encoding: UTF-8

@book{Naevy,
  author    = {N채vy, J.},
  year      = {2006},
  title     = {Facility Management: Grundlagen, Computerunterst체tzung, Systemeinf체hrung,   Anwendungsbeispiele},
  publisher = {Springer-Verlag Berlin Heidelberg},
}

@book{Olbrich,
  title={ITIL kompakt und verst{\"a}ndlich: effizientes IT-Service-Management - den Standard f{\"u}r IT-Prozesse kennenlernen, verstehen und erfolgreich in der Praxis umsetzen},
  author={Olbrich, A.},
  year={2008},
  publisher={Vieweg+Teubner Verlag}
}

@book{Buchsein,
  title={IT-Management mit ITIL{\textregistered} V3: Strategien, Kennzahlen, Umsetzung},
  author={Buchsein, R., Victor, F., G{\"u}nther, H., Machmeier, V.},
  year={2008},
  publisher={Vieweg+Teubner Verlag}
}


@book{Ebel,
  title={ITIL V3 Basis-Zertifizierung: Grundlagenwissen und Zertifizierungsvorbereitung f{\"u}r die ITIL-Foundation-Pr{\"u}fung},
  author={Ebel, N.},
  year={2008},
  publisher={Pearson Deutschland}
}

@book{ISO9000,
  title={DIN EN ISO 9000 (2005) : Qualit채tsmanagementsysteme - Grundlagen und Begriffe.},
  author={DIN EN ISO 9000},
  year={2005},
  publisher={Berlin}
}



@Comment{jabref-meta: databaseType:bibtex;}
