% Encoding: UTF-8

@Book{Naevy,
  title     = {Test},
  publisher = {Springer-Verlag Berlin Heidelberg},
  year      = {2006},
  author    = {Naevy, J.},
}

@Comment{jabref-meta: databaseType:bibtex;}
